@IEEEtranBSTCTL{IEEEexample:BSTcontrol,
	CTLuse_article_number = "no",
	CTLuse_paper = "no",
	CTLuse_forced_etal = "yes",
	CTLmax_names_forced_etal = "3",
	CTLnames_show_etal = "2",
	CTLuse_alt_spacing = "no",
	CTLalt_stretch_factor = "4",
	CTLdash_repeated_names = "yes",
	CTLname_format_string = "{f. }{vv }{ll}{, jj}",
	CTLname_latex_cmd = "",
	CTLname_url_prefix = "[Online]. Available:"
}

@article{iCBS-SLA,
	author    = {Yun Chi and
	Hyun Jin Moon and
	Hakan Hacig{\"{u}}m{\"{u}}s},
	title     = {iCBS: Incremental Costbased Scheduling under Piecewise Linear SLAs},
	journal   = {{PVLDB}},
	year      = {2011},
	timestamp = {Mon, 04 Jul 2011 09:31:59 +0200},
	biburl    = {http://dblp.uni-trier.de/rec/bib/journals/pvldb/ChiMH11},
	bibsource = {dblp computer science bibliography, http://dblp.org}
}

@article{numa-data-task-placement,
author    = {Iraklis Psaroudakis and
Tobias Scheuer and
Norman May and
Abdelkader Sellami and
Anastasia Ailamaki},
title     = {Scaling Up Concurrent Main-Memory Column-Store Scans: Towards Adaptive
NUMA-aware Data and Task Placement},
journal   = {{PVLDB}},
year      = {2015},
url       = {http://www.vldb.org/pvldb/vol8/p1442-psaroudakis.pdf},
timestamp = {Fri, 14 Aug 2015 15:24:11 +0200},
biburl    = {http://dblp2.uni-trier.de/rec/bib/journals/pvldb/PsaroudakisSMSA15},
bibsource = {dblp computer science bibliography, http://dblp.org}
}

@article{dist-based-scheduling,
	author    = {Yun Chi and
	Hakan Hacig{\"{u}}m{\"{u}}s and
	Wang{-}Pin Hsiung and
	Jeffrey F. Naughton},
	title     = {Distribution-Based Query Scheduling},
	journal   = {{PVLDB}},
	year      = {2013},
	timestamp = {Wed, 04 Sep 2013 08:33:42 +0200},
	biburl    = {http://dblp.uni-trier.de/rec/bib/journals/pvldb/ChiHHN13},
	bibsource = {dblp computer science bibliography, http://dblp.org}
}

@inproceedings{rFEED,
	author    = {Abhay Mehta and
	Chetan Gupta and
	Song Wang and
	Umeshwar Dayal},
	title     = {rFEED: {A} Mixed Workload Scheduler for Enterprise Data Warehouses},
	booktitle = {ICDE}, 
	year      = {2009},
	doi       = {10.1109/ICDE.2009.66},
	timestamp = {Mon, 25 Apr 2016 16:57:48 +0200},
	biburl    = {http://dblp.uni-trier.de/rec/bib/conf/icde/MehtaGWD09},
	bibsource = {dblp computer science bibliography, http://dblp.org}
}

@inproceedings{energy-efficient-schedule,
	author    = {Iraklis Psaroudakis and
	Thomas Kissinger and
	Danica Porobic and
	Thomas Ilsche and
	Erietta Liarou and
	Pinar T{\"{o}}z{\"{u}}n and
	Anastasia Ailamaki and
	Wolfgang Lehner},
	title     = {Dynamic fine-grained scheduling for energy-efficient main-memory queries},
	booktitle = {DaMoN},
	year      = {2014},
	doi       = {10.1145/2619228.2619229},
	timestamp = {Wed, 29 Apr 2015 17:56:41 +0200},
	biburl    = {http://dblp.uni-trier.de/rec/bib/conf/damon/PsaroudakisKPILTAL14},
	bibsource = {dblp computer science bibliography, http://dblp.org}
}

@inproceedings{morsel,
author    = {Viktor Leis and
Peter A. Boncz and
Alfons Kemper and
Thomas Neumann},
title     = {Morsel-driven parallelism: a {NUMA}-aware query evaluation framework
for the many-core age},
booktitle = {SIGMOD},
year      = {2014},
doi       = {10.1145/2588555.2610507},
timestamp = {Mon, 23 May 2016 12:16:24 +0200},
biburl    = {http://dblp2.uni-trier.de/rec/bib/conf/sigmod/LeisBK014},
bibsource = {dblp computer science bibliography, http://dblp.org}
}

@article{RicciEide:login14,
    author  = "Robert Ricci and Eric Eide and {The CloudLab Team}",
    title   = "Introducing {CloudLab}: Scientific Infrastructure for Advancing Cloud 
    Architectures and Applications",
    journal = "{USENIX} {;login:}",
    year    = 2014,
    month   = dec,
    volume  = 39,
    number  = 6,
}

@misc{ssb,                                                                      
  title  = {The Star Schema Benchmark},                                         
  author = {Patrick O'Neil and                                                  
            Elizabeth O'Neil and                                                
            Xuedong Chen},                                                      
  howpublished = {\url{http://www.cs.umb.edu/~poneil/StarSchemaB.pdf}},         
  month = {Jan},                                                                
  year = {2007}                                                                 
}

@proceedings{DBLP:conf/wosp/2013,
  editor    = {Seetharami Seelam and
               Petr Tuma and
               Giuliano Casale and
               Tony Field and
               Jos{\'{e}} Nelson Amaral},
  title     = {ICPE},
  publisher = {ACM},
  year      = {2013},
  isbn      = {978-1-4503-1636-1},
  timestamp = {Mon, 03 Jun 2013 08:58:07 +0200},
  biburl    = {http://dblp.uni-trier.de/rec/bib/conf/wosp/2013},
  bibsource = {dblp computer science bibliography, http://dblp.org}
}

@book{Kimball,                                                                  
	author = {Kimball, Ralph and Ross, Margy},                                     
	title = {The  Data Warehouse Toolkit: The Complete Guide to Dimensional Modeling},
	year = {2002},                                                                 
	isbn = {0471200247, 9780471200246},                                            
	edition = {2nd},                                                               
}

@article{qsstorage,
	author    = {Craig Chasseur and
	Jignesh M. Patel},
	title     = {Design and Evaluation of Storage Organizations for Read-Optimized
	Main Memory Databases},
	journal   = {{PVLDB}},
	year      = {2013},
	timestamp = {Mon, 14 Oct 2013 15:18:58 +0200},
	biburl    = {http://dblp.uni-trier.de/rec/bib/journals/pvldb/ChasseurP13},
	bibsource = {dblp computer science bibliography, http://dblp.org}
}

@inproceedings{bitweaving,
	author    = {Yinan Li and
	Jignesh M. Patel},
	title     = {BitWeaving: fast scans for main memory data processing},
	booktitle = {SIGMOD},
	year      = {2013},
	doi       = {10.1145/2463676.2465322},
	timestamp = {Wed, 26 Jun 2013 09:37:17 +0200},
	biburl    = {http://dblp.uni-trier.de/rec/bib/conf/sigmod/LiP13},
	bibsource = {dblp computer science bibliography, http://dblp.org}
}

@inproceedings{csb+-tree,
	author    = {Jun Rao and
	Kenneth A. Ross},
	title     = {Making {B}\({}^{\mbox{+}}\)-Trees Cache Conscious in Main Memory},
	booktitle = {SIGMOD},
	year      = {2000},
	doi       = {10.1145/342009.335449},
	timestamp = {Mon, 15 Jun 2015 19:00:08 +0200},
	biburl    = {http://dblp.uni-trier.de/rec/bib/conf/sigmod/RaoR00},
	bibsource = {dblp computer science bibliography, http://dblp.org}
}

@inproceedings{lruk,
	author    = {Elizabeth J. O'Neil and
	Patrick E. O'Neil and
	Gerhard Weikum},
	title     = {The {LRU-K} Page Replacement Algorithm For Database Disk Buffering},
	booktitle = {SIGMOD},
	year      = {1993},
	doi       = {10.1145/170035.170081},
	timestamp = {Mon, 09 Dec 2013 17:20:14 +0100},
	biburl    = {http://dblp.uni-trier.de/rec/bib/conf/sigmod/ONeilOW93},
	bibsource = {dblp computer science bibliography, http://dblp.org}
}

@inproceedings{duggan2011performance,
	author    = {Jennie Duggan and
	Ugur {\c{C}}etintemel and
	Olga Papaemmanouil and
	Eli Upfal},
	title     = {Performance prediction for concurrent database workloads},
	booktitle = {SIGMOD},
	year      = {2011},
	doi       = {10.1145/1989323.1989359},
	timestamp = {Thu, 16 Jun 2011 17:14:38 +0200},
	biburl    = {http://dblp.uni-trier.de/rec/bib/conf/sigmod/DugganCPU11},
	bibsource = {dblp computer science bibliography, http://dblp.org}
}

@inproceedings{chaudhuri2004estimating,
	author    = {Surajit Chaudhuri and
	Vivek R. Narasayya and
	Ravishankar Ramamurthy},
	title     = {Estimating Progress of Long Running {SQL} Queries},
	booktitle = {SIGMOD},
	year      = {2004},
	doi       = {10.1145/1007568.1007659},
	timestamp = {Fri, 31 Mar 2006 09:13:42 +0200},
	biburl    = {http://dblp.uni-trier.de/rec/bib/conf/sigmod/ChaudhuriNR04},
	bibsource = {dblp computer science bibliography, http://dblp.org}
}

@article{wu2013towards,
	author    = {Wentao Wu and
	Yun Chi and
	Hakan Hacig{\"{u}}m{\"{u}}s and
	Jeffrey F. Naughton},
	title     = {Towards Predicting Query Execution Time for Concurrent and Dynamic
	Database Workloads},
	journal   = {{PVLDB}},
	year      = {2013},
	timestamp = {Mon, 14 Oct 2013 15:18:58 +0200},
	biburl    = {http://dblp.uni-trier.de/rec/bib/journals/pvldb/WuCHN13},
	bibsource = {dblp computer science bibliography, http://dblp.org}
}

@inproceedings{li2012gslpi,
	author    = {Jiexing Li and
	Rimma V. Nehme and
	Jeffrey F. Naughton},
	title     = {{GSLPI:} {A} Cost-Based Query Progress Indicator},
	booktitle = {ICDE},
	year      = {2012},
	doi       = {10.1109/ICDE.2012.74},
	timestamp = {Mon, 25 Apr 2016 16:57:48 +0200},
	biburl    = {http://dblp.uni-trier.de/rec/bib/conf/icde/LiNN12},
	bibsource = {dblp computer science bibliography, http://dblp.org}
}

@inproceedings{gupta2009fair,
  author    = {Chetan Gupta and
               Abhay Mehta and
               Song Wang and
               Umeshwar Dayal},
  title     = {Fair, effective, efficient and differentiated scheduling in an enterprise
               data warehouse},
  booktitle = {EDBT},
  year      = {2009},
  doi       = {10.1145/1516360.1516441},
  timestamp = {Mon, 06 Jul 2009 10:20:35 +0200},
  biburl    = {http://dblp.uni-trier.de/rec/bib/conf/edbt/GuptaMWD09},
  bibsource = {dblp computer science bibliography, http://dblp.org}
}

@inproceedings{krompass2007dynamic,
  author    = {Stefan Krompass and
               Umeshwar Dayal and
               Harumi A. Kuno and
               Alfons Kemper},
  title     = {Dynamic Workload Management for Very Large Data Warehouses: Juggling
               Feathers and Bowling Balls},
  booktitle = {VLDB},
  year      = {2007},
  timestamp = {Thu, 03 Mar 2016 17:54:19 +0100},
  biburl    = {http://dblp.uni-trier.de/rec/bib/conf/vldb/KrompassDKK07},
  bibsource = {dblp computer science bibliography, http://dblp.org}
}

@inproceedings{krompass2006quality,
  author    = {Stefan Krompass and
               Daniel Gmach and
               Andreas Scholz and
               Stefan Seltzsam and
               Alfons Kemper},
  title     = {Quality of Service Enabled Database Applications},
  booktitle = {ICSOC},
  year      = {2006},
  doi       = {10.1007/11948148_18},
  timestamp = {Fri, 07 Mar 2008 08:58:52 +0100},
  biburl    = {http://dblp.uni-trier.de/rec/bib/conf/icsoc/KrompassGSSK06},
  bibsource = {dblp computer science bibliography, http://dblp.org}
}

@inproceedings{mehta1993dynamic,
	author    = {Manish Mehta and
	David J. DeWitt},
	title     = {Dynamic Memory Allocation for Multiple-Query Workloads},
	booktitle = {VLDB},
	year      = {1993},
	timestamp = {Mon, 17 Sep 2012 21:36:57 +0200},
	biburl    = {http://dblp.uni-trier.de/rec/bib/conf/vldb/MehtaD93},
	bibsource = {dblp computer science bibliography, http://dblp.org}
}

@inproceedings{davison1995dynamic,
	author    = {Diane L. Davison and
	Goetz Graefe},
	title     = {Dynamic Resource Brokering for Multi-User Query Execution},
	booktitle = {SIGMOD},
	year      = {1995},
	doi       = {10.1145/223784.223845},
	timestamp = {Mon, 09 Dec 2013 17:20:14 +0100},
	biburl    = {http://dblp.uni-trier.de/rec/bib/conf/sigmod/DavisonG95},
	bibsource = {dblp computer science bibliography, http://dblp.org}
}

@article{wu2014uncertainty,
	author    = {Wentao Wu and
	Xi Wu and
	Hakan Hacig{\"{u}}m{\"{u}}s and
	Jeffrey F. Naughton},
	title     = {Uncertainty Aware Query Execution Time Prediction},
	journal   = {{PVLDB}},
	year      = {2014},
	timestamp = {Sat, 16 May 2015 11:39:04 +0200},
	biburl    = {http://dblp.uni-trier.de/rec/bib/journals/pvldb/WuWHN14},
	bibsource = {dblp computer science bibliography, http://dblp.org}
}

@phdthesis{meehean2011towards,
	title={Towards transparent cpu scheduling},
	author={Meehean, Joseph T},
	year={2011},
	school={University Of Wisconsin--Madison}
}

@article{kay1988fair,
	author    = {Judy Kay and
	Piers Lauder},
	title     = {A Fair Share Scheduler},
	journal   = {Commun. {ACM}},
	year      = {1988},
	doi       = {10.1145/35043.35047},
	timestamp = {Tue, 07 Jun 2011 16:51:53 +0200},
	biburl    = {http://dblp.uni-trier.de/rec/bib/journals/cacm/KayL88},
	bibsource = {dblp computer science bibliography, http://dblp.org}
}

@article{pabla2009completely,
	title={Completely fair scheduler},
	author={Pabla, Chandandeep Singh},
	journal={Linux Journal},
	number={184},
	year={2009},
	publisher={Belltown Media}
}

@inproceedings{peter2010design,
	author = {Peter, Simon and Sch\"{u}pbach, Adrian and Barham, Paul and Baumann, Andrew and Isaacs, Rebecca and Harris, Tim and Roscoe, Timothy},
	title = {Design Principles for End-to-end Multicore Schedulers},
	series = {HotPar'10},
} 

@inproceedings{giceva2013cod,
	author    = {Jana Giceva and
	Tudor{-}Ioan Salomie and
	Adrian Sch{\"{u}}pbach and
	Gustavo Alonso and
	Timothy Roscoe},
	title     = {{COD:} Database/Operating System Co-Design},
	booktitle = {CIDR},
	year      = {2013},
	timestamp = {Wed, 15 May 2013 20:47:29 +0200},
	biburl    = {http://dblp.uni-trier.de/rec/bib/conf/cidr/GicevaSSAR13},
	bibsource = {dblp computer science bibliography, http://dblp.org}
}

@article{LampsonS76,
	author    = {Butler W. Lampson and
	Howard E. Sturgis},
	title     = {Reflections on an Operating System Design},
	journal   = {Commun. {ACM}},
	year      = {1976},
	doi       = {10.1145/360051.360074},
	timestamp = {Tue, 07 Jun 2011 16:51:03 +0200},
	biburl    = {http://dblp.uni-trier.de/rec/bib/journals/cacm/LampsonS76},
	bibsource = {dblp computer science bibliography, http://dblp.org}
}

@inproceedings{isard2009quincy,
	author    = {Michael Isard and
	Vijayan Prabhakaran and
	Jon Currey and
	Udi Wieder and
	Kunal Talwar and
	Andrew V. Goldberg},
	title     = {Quincy: fair scheduling for distributed computing clusters},
	booktitle = {SOSP},
	year      = {2009},
	doi       = {10.1145/1629575.1629601},
	timestamp = {Tue, 23 Feb 2016 09:25:02 +0100},
	biburl    = {http://dblp.uni-trier.de/rec/bib/conf/sosp/IsardPCWTG09},
	bibsource = {dblp computer science bibliography, http://dblp.org}
}

@inproceedings{grandl2014multi,
	author    = {Robert Grandl and
	Ganesh Ananthanarayanan and
	Srikanth Kandula and
	Sriram Rao and
	Aditya Akella},
	title     = {Multi-resource packing for cluster schedulers},
	booktitle = {SIGCOMM},
	year      = {2014},
	doi       = {10.1145/2619239.2626334},
	timestamp = {Wed, 13 Aug 2014 13:02:23 +0200},
	biburl    = {http://dblp.uni-trier.de/rec/bib/conf/sigcomm/GrandlAKRA14},
	bibsource = {dblp computer science bibliography, http://dblp.org}
}

@inproceedings{DavisonG94,
	author    = {Diane L. Davison and
	Goetz Graefe},
	title     = {Memory-Contention Responsive Hash Joins},
	booktitle = {VLDB},
	year      = {1994},
	timestamp = {Mon, 17 Sep 2012 21:40:00 +0200},
	biburl    = {http://dblp.uni-trier.de/rec/bib/conf/vldb/DavisonG94},
	bibsource = {dblp computer science bibliography, http://dblp.org}
}

@article{NarasayyaMSLSC15,
	author    = {Vivek R. Narasayya and
	Ishai Menache and
	Mohit Singh and
	Feng Li and
	Manoj Syamala and
	Surajit Chaudhuri},
	title     = {Sharing Buffer Pool Memory in Multi-Tenant Relational Database-as-a-Service},
	journal   = {{PVLDB}},
	year      = {2015},
	timestamp = {Tue, 10 Mar 2015 11:10:34 +0100},
	biburl    = {http://dblp.uni-trier.de/rec/bib/journals/pvldb/NarasayyaMSLSC15},
	bibsource = {dblp computer science bibliography, http://dblp.org}
}
@inproceedings{NarasayyaDSCC13,
	author    = {Vivek R. Narasayya and
	Sudipto Das and
	Manoj Syamala and
	Badrish Chandramouli and
	Surajit Chaudhuri},
	title     = {{SQLVM:} Performance Isolation in Multi-Tenant Relational Database-as-a-Service},
	booktitle = {CIDR},
	year      = {2013},
	timestamp = {Wed, 15 May 2013 20:47:29 +0200},
	biburl    = {http://dblp.uni-trier.de/rec/bib/conf/cidr/NarasayyaDSCC13},
	bibsource = {dblp computer science bibliography, http://dblp.org}
}

@inproceedings{lottery-scheduling,
	author    = {Carl A. Waldspurger and
	William E. Weihl},
	title     = {Lottery Scheduling: Flexible Proportional-Share Resource Management},
	booktitle = {OSDI},
	year      = {1994},
	timestamp = {Thu, 15 May 2014 18:36:23 +0200},
	biburl    = {http://dblp.uni-trier.de/rec/bib/conf/osdi/WaldspurgerW94},
	bibsource = {dblp computer science bibliography, http://dblp.org}
}

@article{shreedhar1996efficient,
	author    = {M. Shreedhar and
	George Varghese},
	title     = {Efficient fair queueing using deficit round-robin},
	journal   = {{IEEE/ACM} Trans. Netw.},
	year      = {1996},
	doi       = {10.1109/90.502236},
	timestamp = {Thu, 03 Nov 2011 17:03:49 +0100},
	biburl    = {http://dblp.uni-trier.de/rec/bib/journals/ton/ShreedharV96},
	bibsource = {dblp computer science bibliography, http://dblp.org}
}

@inproceedings{wang2016elastic,
	author    = {Li Wang and
	Minqi Zhou and
	Zhenjie Zhang and
	Yin Yang and
	Aoying Zhou and
	Dina Bitton},
	title     = {Elastic Pipelining in an In-Memory Database Cluster},
	booktitle = {SIGMOD},
	year      = {2016},
	doi       = {10.1145/2882903.2882904},
	timestamp = {Sat, 18 Jun 2016 14:32:22 +0200},
	biburl    = {http://dblp.uni-trier.de/rec/bib/conf/sigmod/WangZZYZB16},
	bibsource = {dblp computer science bibliography, http://dblp.org}
}

@misc{DB2,
  title = {{{IBM} {DB2}} {W}orkload {M}anager},
  howpublished = 
  {\url{https://www-01.ibm.com/support/knowledgecenter/SSEPGG_10.1.0/com.ibm.db2.luw.admin.wlm.doc/com.ibm.db2.luw.admin.wlm.doc-gentopic1.html}},
}

@misc{res_gov,
  title = {{MS SQL SERVER} Resource Governor},
  howpublished = {\url{https://msdn.microsoft.com/en-us/library/bb933866.aspx}}
}

@misc{rm,
  title = {{Oracle} Resource Manager},
  howpublished = 
  {\url{https://docs.oracle.com/database/121/ADMIN/dbrm.htm#ADMIN027}}
}

@misc{teradatawm,
	title={Teradata Workload Management},
	howpublished = {\url{http://www.teradata.com/Teradata_Workload_Management}}
}

@misc{hpwm,
	title = {{HP} {G}lobal {W}orkload {M}anager},
	howpublished={\url{https://h20565.www2.hpe.com/hpsc/doc/public/display?sp4ts.oid=3725908&docId=emr_na-c04159995}}
}

@misc{gpdb,
      title={Greenplum Workload Management},
      howpublished = 
      {\url{http://gpdb.docs.pivotal.io/4370/admin_guide/workload_mgmt.html}}
}

@misc{Quickstep,
      title={Apache (incubating) Quickstep Data Processing Platform},
      howpublished = 
      {\url{http://www.quickstep.io}}
}

